@article{DBLP:journals/debu/IdreosGNMMK12,
  author    = {Stratos Idreos and
               Fabian Groffen and
               Niels Nes and
               Stefan Manegold and
               K. Sjoerd Mullender and
               Martin L. Kersten},
  title     = {MonetDB: Two Decades of Research in Column-oriented Database Architectures},
  journal   = {{IEEE} Data Eng. Bull.},
  volume    = {35},
  number    = {1},
  pages     = {40--45},
  year      = {2012},
  url       = {http://sites.computer.org/debull/A12mar/monetdb.pdf},
  timestamp = {Tue, 10 Mar 2020 16:23:50 +0100},
  biburl    = {https://dblp.org/rec/journals/debu/IdreosGNMMK12.bib},
  bibsource = {dblp computer science bibliography, https://dblp.org}
}

@inproceedings{DBLP:conf/cidr/BonczZN05,
  author    = {Peter A. Boncz and
               Marcin Zukowski and
               Niels Nes},
  title     = {MonetDB/X100: Hyper-Pipelining Query Execution},
  booktitle = {Second Biennial Conference on Innovative Data Systems Research, {CIDR}
               2005, Asilomar, CA, USA, January 4-7, 2005, Online Proceedings},
  pages     = {225--237},
  publisher = {www.cidrdb.org},
  year      = {2005},
  url       = {http://cidrdb.org/cidr2005/papers/P19.pdf},
  timestamp = {Mon, 18 Jul 2022 17:13:00 +0200},
  biburl    = {https://dblp.org/rec/conf/cidr/BonczZN05.bib},
  bibsource = {dblp computer science bibliography, https://dblp.org}
}



@article{DBLP:journals/vldb/BonczK99,
  author    = {Peter A. Boncz and
               Martin L. Kersten},
  title     = {{MIL} Primitives for Querying a Fragmented World},
  journal   = {{VLDB} J.},
  volume    = {8},
  number    = {2},
  pages     = {101--119},
  year      = {1999},
  url       = {https://doi.org/10.1007/s007780050076},
  doi       = {10.1007/s007780050076},
  timestamp = {Sun, 28 May 2017 13:19:15 +0200},
  biburl    = {https://dblp.org/rec/journals/vldb/BonczK99.bib},
  bibsource = {dblp computer science bibliography, https://dblp.org}
}



@inproceedings{DBLP:conf/vldb/StonebrakerABCCFLLMOORTZ05,
  author    = {Michael Stonebraker and
               Daniel J. Abadi and
               Adam Batkin and
               Xuedong Chen and
               Mitch Cherniack and
               Miguel Ferreira and
               Edmond Lau and
               Amerson Lin and
               Samuel Madden and
               Elizabeth J. O'Neil and
               Patrick E. O'Neil and
               Alex Rasin and
               Nga Tran and
               Stanley B. Zdonik},
  editor    = {Klemens B{\"{o}}hm and
               Christian S. Jensen and
               Laura M. Haas and
               Martin L. Kersten and
               Per{-}{\AA}ke Larson and
               Beng Chin Ooi},
  title     = {C-Store: {A} Column-oriented {DBMS}},
  booktitle = {Proceedings of the 31st International Conference on Very Large Data
               Bases, Trondheim, Norway, August 30 - September 2, 2005},
  pages     = {553--564},
  publisher = {{ACM}},
  year      = {2005},
  url       = {http://www.vldb.org/archives/website/2005/program/paper/thu/p553-stonebraker.pdf},
  timestamp = {Thu, 12 Mar 2020 11:34:03 +0100},
  biburl    = {https://dblp.org/rec/conf/vldb/StonebrakerABCCFLLMOORTZ05.bib},
  bibsource = {dblp computer science bibliography, https://dblp.org}
}



@inproceedings{DBLP:conf/sigmod/SikkaFLCPB12,
  author    = {Vishal Sikka and
               Franz F{\"{a}}rber and
               Wolfgang Lehner and
               Sang Kyun Cha and
               Thomas Peh and
               Christof Bornh{\"{o}}vd},
  editor    = {K. Sel{\c{c}}uk Candan and
               Yi Chen and
               Richard T. Snodgrass and
               Luis Gravano and
               Ariel Fuxman},
  title     = {Efficient transaction processing in {SAP} {HANA} database: the end
               of a column store myth},
  booktitle = {Proceedings of the {ACM} {SIGMOD} International Conference on Management
               of Data, {SIGMOD} 2012, Scottsdale, AZ, USA, May 20-24, 2012},
  pages     = {731--742},
  publisher = {{ACM}},
  year      = {2012},
  url       = {https://doi.org/10.1145/2213836.2213946},
  doi       = {10.1145/2213836.2213946},
  timestamp = {Tue, 06 Nov 2018 11:07:37 +0100},
  biburl    = {https://dblp.org/rec/conf/sigmod/SikkaFLCPB12.bib},
  bibsource = {dblp computer science bibliography, https://dblp.org}
}



@inproceedings{DBLP:conf/sigmod/AbadiMH08,
  author    = {Daniel J. Abadi and
               Samuel Madden and
               Nabil Hachem},
  editor    = {Jason Tsong{-}Li Wang},
  title     = {Column-stores vs. row-stores: how different are they really?},
  booktitle = {Proceedings of the {ACM} {SIGMOD} International Conference on Management
               of Data, {SIGMOD} 2008, Vancouver, BC, Canada, June 10-12, 2008},
  pages     = {967--980},
  publisher = {{ACM}},
  year      = {2008},
  url       = {https://doi.org/10.1145/1376616.1376712},
  doi       = {10.1145/1376616.1376712},
  timestamp = {Thu, 11 Mar 2021 15:20:15 +0100},
  biburl    = {https://dblp.org/rec/conf/sigmod/AbadiMH08.bib},
  bibsource = {dblp computer science bibliography, https://dblp.org}
}

@misc{alibaba,
  author = {Alibaba},
  title = {Four Billion Records per Second!},
  howpublished = {\url{www.alibabacloud.com/blog/four-billion-records-per-second-stream-batch-integration-implementation-of-alibaba-cloud-realtime-compute-for-apache-flink-during-double-11_596962}},
  year = {2020}
}





@article{DBLP:journals/pvldb/ZeuchBRMKLRTM19,
  author    = {Steffen Zeuch and
               Sebastian Bre{\ss} and
               Tilmann Rabl and
               Bonaventura Del Monte and
               Jeyhun Karimov and
               Clemens Lutz and
               Manuel Renz and
               Jonas Traub and
               Volker Markl},
  title     = {Analyzing Efficient Stream Processing on Modern Hardware},
  journal   = {Proc. {VLDB} Endow.},
  volume    = {12},
  number    = {5},
  pages     = {516--530},
  year      = {2019},
  url       = {http://www.vldb.org/pvldb/vol12/p516-zeuch.pdf},
  doi       = {10.14778/3303753.3303758},
  timestamp = {Sat, 09 Apr 2022 12:29:12 +0200},
  biburl    = {https://dblp.org/rec/journals/pvldb/ZeuchBRMKLRTM19.bib},
  bibsource = {dblp computer science bibliography, https://dblp.org}
}



@inproceedings{DBLP:conf/icde/ZhangHDZH17,
  author    = {Shuhao Zhang and
               Bingsheng He and
               Daniel Dahlmeier and
               Amelie Chi Zhou and
               Thomas Heinze},
  title     = {Revisiting the Design of Data Stream Processing Systems on Multi-Core
               Processors},
  booktitle = {33rd {IEEE} International Conference on Data Engineering, {ICDE} 2017,
               San Diego, CA, USA, April 19-22, 2017},
  pages     = {659--670},
  publisher = {{IEEE} Computer Society},
  year      = {2017},
  url       = {https://doi.org/10.1109/ICDE.2017.119},
  doi       = {10.1109/ICDE.2017.119},
  timestamp = {Thu, 14 Oct 2021 10:29:23 +0200},
  biburl    = {https://dblp.org/rec/conf/icde/ZhangHDZH17.bib},
  bibsource = {dblp computer science bibliography, https://dblp.org}
}


@techreport{bollmeier2021processor,
  title={Processor-Specific Stream Processing Query Compilation},
  author={Lars Jonas Bollmeier and Bj√∂rn Daase and Richard Ebeling},
  year={2021},
  institution={Hasso Plattner Institute, University of Potsdam}
}


@article{DBLP:journals/pvldb/LiarouIMK12,
  author    = {Erietta Liarou and
               Stratos Idreos and
               Stefan Manegold and
               Martin L. Kersten},
  title     = {MonetDB/DataCell: Online Analytics in a Streaming Column-Store},
  journal   = {Proc. {VLDB} Endow.},
  volume    = {5},
  number    = {12},
  pages     = {1910--1913},
  year      = {2012},
  url       = {http://vldb.org/pvldb/vol5/p1910\_eriettaliarou\_vldb2012.pdf},
  doi       = {10.14778/2367502.2367535},
  timestamp = {Sat, 25 Apr 2020 13:59:02 +0200},
  biburl    = {https://dblp.org/rec/journals/pvldb/LiarouIMK12.bib},
  bibsource = {dblp computer science bibliography, https://dblp.org}
}



@article{DBLP:journals/pvldb/ChandramouliGBDPTW14,
  author    = {Badrish Chandramouli and
               Jonathan Goldstein and
               Mike Barnett and
               Robert DeLine and
               John C. Platt and
               James F. Terwilliger and
               John Wernsing},
  title     = {Trill: {A} High-Performance Incremental Query Processor for Diverse
               Analytics},
  journal   = {Proc. {VLDB} Endow.},
  volume    = {8},
  number    = {4},
  pages     = {401--412},
  year      = {2014},
  url       = {http://www.vldb.org/pvldb/vol8/p401-chandramouli.pdf},
  doi       = {10.14778/2735496.2735503},
  timestamp = {Sat, 25 Apr 2020 13:59:41 +0200},
  biburl    = {https://dblp.org/rec/journals/pvldb/ChandramouliGBDPTW14.bib},
  bibsource = {dblp computer science bibliography, https://dblp.org}
}



@inproceedings{DBLP:conf/vldb/BonczMK99,
  author    = {Peter A. Boncz and
               Stefan Manegold and
               Martin L. Kersten},
  editor    = {Malcolm P. Atkinson and
               Maria E. Orlowska and
               Patrick Valduriez and
               Stanley B. Zdonik and
               Michael L. Brodie},
  title     = {Database Architecture Optimized for the New Bottleneck: Memory Access},
  booktitle = {VLDB'99, Proceedings of 25th International Conference on Very Large
               Data Bases, September 7-10, 1999, Edinburgh, Scotland, {UK}},
  pages     = {54--65},
  publisher = {Morgan Kaufmann},
  year      = {1999},
  url       = {http://www.vldb.org/conf/1999/P5.pdf},
  timestamp = {Wed, 11 May 2022 08:53:25 +0200},
  biburl    = {https://dblp.org/rec/conf/vldb/BonczMK99.bib},
  bibsource = {dblp computer science bibliography, https://dblp.org}
}


@article{DBLP:journals/pvldb/KerstenLKNPB18,
  author    = {Timo Kersten and
               Viktor Leis and
               Alfons Kemper and
               Thomas Neumann and
               Andrew Pavlo and
               Peter A. Boncz},
  title     = {Everything You Always Wanted to Know About Compiled and Vectorized
               Queries But Were Afraid to Ask},
  journal   = {Proc. {VLDB} Endow.},
  volume    = {11},
  number    = {13},
  pages     = {2209--2222},
  year      = {2018},
  url       = {http://www.vldb.org/pvldb/vol11/p2209-kersten.pdf},
  doi       = {10.14778/3275366.3275370},
  timestamp = {Sat, 25 Apr 2020 13:58:37 +0200},
  biburl    = {https://dblp.org/rec/journals/pvldb/KerstenLKNPB18.bib},
  bibsource = {dblp computer science bibliography, https://dblp.org}
}



@inproceedings{DBLP:conf/cidr/BensonR22,
  author    = {Lawrence Benson and
               Tilmann Rabl},
  title     = {Darwin: Scale-In Stream Processing},
  booktitle = {12th Conference on Innovative Data Systems Research, {CIDR} 2022,
               Chaminade, CA, USA, January 9-12, 2022},
  publisher = {www.cidrdb.org},
  year      = {2022},
  url       = {https://www.cidrdb.org/cidr2022/papers/p34-benson.pdf},
  timestamp = {Mon, 18 Jul 2022 17:13:00 +0200},
  biburl    = {https://dblp.org/rec/conf/cidr/BensonR22.bib},
  bibsource = {dblp computer science bibliography, https://dblp.org}
}



@techreport{tucker2008nexmark,
  title={NEXMark‚ÄîA Benchmark for Queries over Data Streams DRAFT},
  author={Pete Tucker and Kristin Tufte and Vassilis Papadimos and David Maier},
  year={2008},
  institution={Technical report, OGI School of Science \& Engineering at OHSU, Septembers}
}


@misc{apachebeam,
  author = {The Apache Software Foundation},
  title = {Nexmark benchmark suite},
  howpublished = {\url{https://beam.apache.org/documentation/sdks/java/testing/nexmark/}},
  year = {2022}
}




@article{DBLP:journals/pvldb/StehleJ20,
  author    = {Elias Stehle and
               Hans{-}Arno Jacobsen},
  title     = {ParPaRaw: Massively Parallel Parsing of Delimiter-Separated Raw Data},
  journal   = {Proc. {VLDB} Endow.},
  volume    = {13},
  number    = {5},
  pages     = {616--628},
  year      = {2020},
  url       = {http://www.vldb.org/pvldb/vol13/p616-stehle.pdf},
  doi       = {10.14778/3377369.3377372},
  timestamp = {Tue, 23 Mar 2021 15:33:12 +0100},
  biburl    = {https://dblp.org/rec/journals/pvldb/StehleJ20.bib},
  bibsource = {dblp computer science bibliography, https://dblp.org}
}



@article{DBLP:journals/pvldb/MuhlbauerRSRK013,
  author    = {Tobias M{\"{u}}hlbauer and
               Wolf R{\"{o}}diger and
               Robert Seilbeck and
               Angelika Reiser and
               Alfons Kemper and
               Thomas Neumann},
  title     = {Instant Loading for Main Memory Databases},
  journal   = {Proc. {VLDB} Endow.},
  volume    = {6},
  number    = {14},
  pages     = {1702--1713},
  year      = {2013},
  url       = {http://www.vldb.org/pvldb/vol6/p1702-muehlbauer.pdf},
  doi       = {10.14778/2556549.2556555},
  timestamp = {Sat, 25 Apr 2020 13:59:09 +0200},
  biburl    = {https://dblp.org/rec/journals/pvldb/MuhlbauerRSRK013.bib},
  bibsource = {dblp computer science bibliography, https://dblp.org}
}



@inproceedings{DBLP:conf/sigmod/0002LECK19,
  author    = {Chang Ge and
               Yinan Li and
               Eric Eilebrecht and
               Badrish Chandramouli and
               Donald Kossmann},
  editor    = {Peter A. Boncz and
               Stefan Manegold and
               Anastasia Ailamaki and
               Amol Deshpande and
               Tim Kraska},
  title     = {Speculative Distributed {CSV} Data Parsing for Big Data Analytics},
  booktitle = {Proceedings of the 2019 International Conference on Management of
               Data, {SIGMOD} Conference 2019, Amsterdam, The Netherlands, June 30
               - July 5, 2019},
  pages     = {883--899},
  publisher = {{ACM}},
  year      = {2019},
  url       = {https://doi.org/10.1145/3299869.3319898},
  doi       = {10.1145/3299869.3319898},
  timestamp = {Sat, 22 Jun 2019 17:10:04 +0200},
  biburl    = {https://dblp.org/rec/conf/sigmod/0002LECK19.bib},
  bibsource = {dblp computer science bibliography, https://dblp.org}
}



@article{DBLP:journals/pvldb/PalkarABZ18,
  author    = {Shoumik Palkar and
               Firas Abuzaid and
               Peter Bailis and
               Matei Zaharia},
  title     = {Filter Before You Parse: Faster Analytics on Raw Data with Sparser},
  journal   = {Proc. {VLDB} Endow.},
  volume    = {11},
  number    = {11},
  pages     = {1576--1589},
  year      = {2018},
  url       = {http://www.vldb.org/pvldb/vol11/p1576-palkar.pdf},
  doi       = {10.14778/3236187.3236207},
  timestamp = {Sat, 25 Apr 2020 13:59:39 +0200},
  biburl    = {https://dblp.org/rec/journals/pvldb/PalkarABZ18.bib},
  bibsource = {dblp computer science bibliography, https://dblp.org}
}



@article{DBLP:journals/vldb/LangdaleL19,
  author    = {Geoff Langdale and
               Daniel Lemire},
  title     = {Parsing gigabytes of {JSON} per second},
  journal   = {{VLDB} J.},
  volume    = {28},
  number    = {6},
  pages     = {941--960},
  year      = {2019},
  url       = {https://doi.org/10.1007/s00778-019-00578-5},
  doi       = {10.1007/s00778-019-00578-5},
  timestamp = {Tue, 26 Nov 2019 18:27:48 +0100},
  biburl    = {https://dblp.org/rec/journals/vldb/LangdaleL19.bib},
  bibsource = {dblp computer science bibliography, https://dblp.org}
}



@article{DBLP:journals/pvldb/LiKCGK17,
  author    = {Yinan Li and
               Nikos R. Katsipoulakis and
               Badrish Chandramouli and
               Jonathan Goldstein and
               Donald Kossmann},
  title     = {Mison: {A} Fast {JSON} Parser for Data Analytics},
  journal   = {Proc. {VLDB} Endow.},
  volume    = {10},
  number    = {10},
  pages     = {1118--1129},
  year      = {2017},
  url       = {http://www.vldb.org/pvldb/vol10/p1118-li.pdf},
  doi       = {10.14778/3115404.3115416},
  timestamp = {Sat, 25 Apr 2020 13:59:32 +0200},
  biburl    = {https://dblp.org/rec/journals/pvldb/LiKCGK17.bib},
  bibsource = {dblp computer science bibliography, https://dblp.org}
}

@inproceedings{DBLP:conf/vldb/AilamakiDHS01,
  author    = {Anastassia Ailamaki and
               David J. DeWitt and
               Mark D. Hill and
               Marios Skounakis},
  editor    = {Peter M. G. Apers and
               Paolo Atzeni and
               Stefano Ceri and
               Stefano Paraboschi and
               Kotagiri Ramamohanarao and
               Richard T. Snodgrass},
  title     = {Weaving Relations for Cache Performance},
  booktitle = {{VLDB} 2001, Proceedings of 27th International Conference on Very
               Large Data Bases, September 11-14, 2001, Roma, Italy},
  pages     = {169--180},
  publisher = {Morgan Kaufmann},
  year      = {2001},
  url       = {http://www.vldb.org/conf/2001/P169.pdf},
  timestamp = {Thu, 12 Mar 2020 11:33:45 +0100},
  biburl    = {https://dblp.org/rec/conf/vldb/AilamakiDHS01.bib},
  bibsource = {dblp computer science bibliography, https://dblp.org}
}

